<record><leader>00000cas a22000007a 4500</leader><controlfield tag="001">10860389</controlfield><controlfield tag="008">840619d18291829maudn ne      0    0eng d</controlfield><controlfield tag="009">3768</controlfield><datafield ind1=" " ind2=" " tag="010"><subfield code="a">sn 84023408 </subfield></datafield><datafield ind1=" " ind2=" " tag="040"><subfield code="a">NPX</subfield><subfield code="b">eng</subfield><subfield code="c">NPX</subfield><subfield code="d">NPU</subfield><subfield code="d">DLC</subfield><subfield code="d">MGN</subfield><subfield code="d">OCLCG</subfield></datafield><datafield ind1="1" ind2=" " tag="029"><subfield code="a">AU@</subfield><subfield code="b">000025823558</subfield></datafield><datafield ind1=" " ind2=" " tag="042"><subfield code="a">msc</subfield></datafield><datafield ind1="0" ind2="0" tag="050"><subfield code="a">Newspaper 8219-A</subfield></datafield><datafield ind1="0" ind2="0" tag="245"><subfield code="a">Mass. daily journal.</subfield></datafield><datafield ind1="1" ind2="0" tag="246"><subfield code="a">Massachusetts daily journal</subfield></datafield><datafield ind1=" " ind2=" " tag="260"><subfield code="a">Boston, Mass. :</subfield><subfield code="b">Child &amp; Wetherby,</subfield><subfield code="c">1829.</subfield></datafield><datafield ind1=" " ind2=" " tag="300"><subfield code="a">2 v. ;</subfield><subfield code="c">55 cm.</subfield></datafield><datafield ind1=" " ind2=" " tag="310"><subfield code="a">Daily (except Sun.)</subfield></datafield><datafield ind1="0" ind2=" " tag="362"><subfield code="a">Vol. 1, no. 1 (Jan. 1, 1829)-v. 2, no. 104 (Oct. 29, 1829).</subfield></datafield><datafield ind1=" " ind2=" " tag="500"><subfield code="a">Published as: Massachusetts daily journal, &lt;July 23-Oct. 17, 1829&gt;.</subfield></datafield><datafield ind1=" " ind2=" " tag="580"><subfield code="a">Triweekly ed.: Massachusetts journal (Boston, Mass. : 1826).</subfield></datafield><datafield ind1=" " ind2=" " tag="580"><subfield code="a">Weekly ed.: Mass. weekly journal.</subfield></datafield><datafield ind1="1" ind2=" " tag="700"><subfield code="a">Child, David Lee,</subfield><subfield code="d">1794-1874.</subfield></datafield><datafield ind1=" " ind2=" " tag="752"><subfield code="a">United States</subfield><subfield code="b">Massachusetts</subfield><subfield code="c">Suffolk</subfield><subfield code="d">Boston.</subfield></datafield><datafield ind1="1" ind2=" " tag="775"><subfield code="t">Massachusetts journal (Boston, Mass. : 1826)</subfield><subfield code="w">(DLC)sn 84023407</subfield></datafield><datafield ind1="1" ind2=" " tag="775"><subfield code="t">Mass. weekly journal</subfield><subfield code="w">(DLC)sn 84023409</subfield></datafield></record>